@online{ Stackoverflow1,
  title = {OOP vs Functional Programming vs Procedural},
  url = {http://stackoverflow.com/a/552474/6632389},
}

@online{AtlassianGitTutorials,
  title = {Atlassian Git Tutorials},
  url = {https://www.atlassian.com/git/tutorials/},
}
